@inproceedings{hemphill2014feminism,
  title={Feminism and social media research},
  author={Hemphill, Libby and Erickson, Ingrid and Ribes, David and Mergel, Ines},
  booktitle={Proceedings of the companion publication of the 17th ACM conference on Computer supported cooperative work \& social computing},
  pages={319--322},
  year={2014},
  organization={ACM}
}

@article{elamin2010saudiwomen,
        author={Elamin,Abdallah M. and Omair,Katlin},
        year={2010},
        title={Males' attitudes towards working females in Saudi Arabia},
        journal={Personnel review},
        volume={39},
        number={6},
        pages={746-766},
        keywords={Attitude surveys; Men; Women; Gender; Statistical analysis; Employees; Hypotheses},
        isbn={0048-3486},
        language={English},
}
}

