@inproceedings{hemphill2014feminism,
  title={Feminism and social media research},
  author={Hemphill, Libby and Erickson, Ingrid and Ribes, David and Mergel, Ines},
  booktitle={Proceedings of the companion publication of the 17th ACM conference on Computer supported cooperative work \& social computing},
  pages={319--322},
  year={2014},
  organization={ACM}
}
